<record><leader>00000cas a22000008a 4500</leader><controlfield tag="001">765902500</controlfield><controlfield tag="006">m     o  d        </controlfield><controlfield tag="007">cr |||||||||||</controlfield><controlfield tag="008">111202c20129999txuer n o     0   a0eng  </controlfield><datafield ind1=" " ind2=" " tag="010"><subfield code="a">  2011202587</subfield></datafield><datafield ind1=" " ind2=" " tag="040"><subfield code="a">DLC</subfield><subfield code="b">eng</subfield><subfield code="c">DLC</subfield><subfield code="d">OCLCQ</subfield></datafield><datafield ind1=" " ind2=" " tag="012"><subfield code="l">1</subfield></datafield><datafield ind1="0" ind2=" " tag="022"><subfield code="a">2164-9251</subfield><subfield code="2">1</subfield></datafield><datafield ind1=" " ind2=" " tag="037"><subfield code="b">Justin Bryan Galloway &amp; Steven Tilota, P.O. Box 540892, Houston, TX 77254-0892</subfield><subfield code="c">$60.00</subfield></datafield><datafield ind1=" " ind2=" " tag="042"><subfield code="a">msc</subfield></datafield><datafield ind1="1" ind2="0" tag="050"><subfield code="a">ISSN RECORD</subfield></datafield><datafield ind1="0" ind2=" " tag="130"><subfield code="a">Houston progressive voice (Online)</subfield></datafield><datafield ind1="1" ind2="4" tag="245"><subfield code="a">The Houston progressive voice.</subfield></datafield><datafield ind1=" " ind2=" " tag="260"><subfield code="a">Houston, TX :</subfield><subfield code="b">Justin Bryan Galloway :</subfield><subfield code="b">Steven Tilota</subfield></datafield><datafield ind1=" " ind2=" " tag="263"><subfield code="a">201201</subfield></datafield><datafield ind1=" " ind2=" " tag="310"><subfield code="a">Biweekly</subfield></datafield><datafield ind1=" " ind2=" " tag="336"><subfield code="a">text</subfield><subfield code="b">txt</subfield><subfield code="2">rdacontent</subfield></datafield><datafield ind1=" " ind2=" " tag="337"><subfield code="a">computer</subfield><subfield code="b">c</subfield><subfield code="2">rdamedia</subfield></datafield><datafield ind1=" " ind2=" " tag="338"><subfield code="a">online resource</subfield><subfield code="b">cr</subfield><subfield code="2">rdacarrier</subfield></datafield><datafield ind1="0" ind2="8" tag="776"><subfield code="i">Print version:</subfield><subfield code="t">Houston progressive voice (Print)</subfield><subfield code="x">2164-9243</subfield><subfield code="w">(DLC)  2011202586</subfield><subfield code="w">(OCoLC)765897066</subfield></datafield><datafield ind1="4" ind2="0" tag="856"><subfield code="u">http://www.pro-vo.info</subfield></datafield><datafield ind1=" " ind2=" " tag="936"><subfield code="a">PREPUB: Publication expected: Jan. 2012</subfield></datafield></record>